


%%%%%%%%%%%AAAAAAAAAAAAAAAAAAAAAAAAAAAAAAAAAAAAAAAAAAAAAAAA

@CONFERENCE{ALJ03,
  author =       {R. Al-Jammal and E. Parkany},
  title =        {The {I}ntegration of {Q}ualitative and {Q}uantitative {M}ethodologies: {F}ramework and {Q}uick {E}xamples},
  year =         {2003},
  address =      {Washington, D.C, USA},
  organization = {Transportation Research Board - Annual Meeting (CD-ROM)},
}



%%%%%%%%%%%BBBBBBBBBBBBBBBBBBBBBBBBBBBBBBBBBBBBBBBBBBBBBBBB



@CONFERENCE{Bag03,
  author =       {M. Bagchi  and P. White },
  title =        {Use of {P}ublic {T}ransport {S}mart {C}ard {D}ata for {U}nderstanding {T}ravel {B}ehaviour},
  year =         {2003},
  address =      {Strasbourg, France},
  organization = {Association for European Transport (CD-ROM)},
}

@ARTICLE{Bag04,
  AUTHOR =       "M. Bagchi  and P. White ",
  TITLE =        "What {R}ole for {S}mart-card {D}ata from {B}us {S}ystems?",
  JOURNAL =      "Municipal Engineer 157",
  YEAR =         "2004",
  volume =       "Issue MEI",
  pages =        "39046",
}

@PHDTHESIS{BAG03a,
  AUTHOR =       "M. Bagchi",
  TITLE =        "{U}se of {S}mart {C}ard {D}ata from {B}us {S}ystems for {T}ravel {B}ehaviour {A}nalysis, and {I}mplications for {M}arketing",
  SCHOOL =       "University of Westminster, London, UK",
  YEAR =         "2003a",
  type =    "{{PhD Thesis}}",
}

@BOOK{BOY98,
  AUTHOR =       "D. K. Boyle",
  editor =       "Transportation Research Board - National Research Council",
  TITLE =        "{{Passenger Counting Technologies And Procedures - A Synthesis of Transit Practice}}",
  PUBLISHER =    "NATIONAL ACADEMY PRESS",
  YEAR =         "1998",
  address =      "Washington, D.C., USA",
}



%%%%%%%%%%%CCCCCCCCCCCCCCCCCCCCCCCCCCCCCCCCCCCCCCCCCCCCCCCC


@TECHREPORT{CIE99,
  AUTHOR =       "CIE",
  TITLE =        "{{C\'{o}ras Iompair \'{E}ireann - Group Annual Report and Financial Statements 1999}}",
  INSTITUTION =  "C\'{o}ras Iompair \'{E}ireann",
  YEAR =         "1999",
}



@INBOOK{Cod72,
  AUTHOR =       "E. F. Codd",
  editor =       "R. Rustin",
  TITLE =        "{{Further Normalization of the Database Relational Model}}",
  CHAPTER =      "Database Systems, Courant Computer Science Symposia 6",
  pages =        "65-98",
  PUBLISHER =    "Prentice-Hall, Englewood Cliffs, N.J, USA",
  YEAR =         "1972",
}



%%%%%%%%%%%DDDDDDDDDDDDDDDDDDDDDDDDDDDDDDDDDDDDDDDDDDDDDDDDDDDDDDDDDDDDDDDDDDDDDDDDDDDDDDDDDDDDDDDDDDDDDDDDDDDD

@MISC{DFT01,
  AUTHOR =       "DFT-UK",
  TITLE =        "{{National Origin-Destination Databank - Database Application: User Manual - Version 1.0. Department for Transport}}",
  howpublished = "Online",
  YEAR =         "2001",
  address =      "London, UK",
  source =       "Online",
  url =          "http://www.dft.gov.uk/stellent/groups/dft\_transstrat/ documents/page/dft\_transstrat\_504834.hcsp",
  note =         "[13 April 2004]",
}


@MISC{DUB05,
  author =       "DB",
  title =        "{{Dublin Bus - Mission Statement}}",
  howpublished = "online, http://www.dublinbus.ie, (last accessed: October 2005)",
  year =         "2005",
}
